
@article {Kim2005Interfaces,
	AUTHOR = {Kim, Junseok and Lowengrub, John},
	TITLE = {Phase field modeling and simulation of three-phase flows},
	JOURNAL = {Interfaces Free Bound.},
	FJOURNAL = {Interfaces and Free Boundaries. Mathematical Analysis,
	Computation and Applications},
	VOLUME = {7},
	YEAR = {2005},
	NUMBER = {4},
	PAGES = {435--466},
	ISSN = {1463-9963},
	MRCLASS = {76T30 (76D05 76D45 76M20 80A22)},
	MRNUMBER = {2191695},
	DOI = {10.4171/IFB/132},
	URL = {https://doi.org/10.4171/IFB/132},
}

@article {Boyer2011esaim,
	AUTHOR = {Boyer, Franck and Minjeaud, Sebastian},
	TITLE = {Numerical schemes for a three component {C}ahn-{H}illiard
	model},
	JOURNAL = {ESAIM Math. Model. Numer. Anal.},
	FJOURNAL = {ESAIM. Mathematical Modelling and Numerical Analysis},
	VOLUME = {45},
	YEAR = {2011},
	NUMBER = {4},
	PAGES = {697--738},
	ISSN = {0764-583X},
	MRCLASS = {65M60 (35D30 35K55 65M12 76T99)},
	MRNUMBER = {2804656},
	MRREVIEWER = {Benito M. Chen-Charpentier},
	DOI = {10.1051/m2an/2010072},
	URL = {https://doi.org/10.1051/m2an/2010072},
}

@article {Boyer2010Transp,
	AUTHOR = {Boyer, F. and Lapuerta, C. and Minjeaud, S. and Piar, B. and
	Quintard, M.},
	TITLE = {Cahn-{H}illiard/{N}avier-{S}tokes model for the simulation of
	three-phase flows},
	JOURNAL = {Transp. Porous Media},
	FJOURNAL = {Transport in Porous Media},
	VOLUME = {82},
	YEAR = {2010},
	NUMBER = {3},
	PAGES = {463--483},
	ISSN = {0169-3913},
	MRCLASS = {76S05},
	MRNUMBER = {2646853},
	DOI = {10.1007/s11242-009-9408-z},
	URL = {https://doi.org/10.1007/s11242-009-9408-z},
}

@article {Boyer2006M2AN,
	AUTHOR = {Boyer, Franck and Lapuerta, C\'{e}line},
	TITLE = {Study of a three component {C}ahn-{H}illiard flow model},
	JOURNAL = {M2AN Math. Model. Numer. Anal.},
	FJOURNAL = {M2AN. Mathematical Modelling and Numerical Analysis},
	VOLUME = {40},
	YEAR = {2006},
	NUMBER = {4},
	PAGES = {653--687},
	ISSN = {0764-583X},
	MRCLASS = {35K55 (35B35 35Q35 76D05 76T30 82C24)},
	MRNUMBER = {2274773},
	MRREVIEWER = {Arnaud Rougirel},
	DOI = {10.1051/m2an:2006028},
	URL = {https://doi.org/10.1051/m2an:2006028},
}

@article{Yang20173CHM3AS,
	AUTHOR = {Yang, Xiaofeng and Zhao, Jia and Wang, Qi and Shen, Jie},
	TITLE = {Numerical approximations for a three-component
	{C}ahn--{H}illiard phase-field model based on the invariant
	energy quadratization method},
	JOURNAL = {Math. Models Methods Appl. Sci.},
	FJOURNAL = {Mathematical Models and Methods in Applied Sciences},
	VOLUME = {27},
	YEAR = {2017},
	NUMBER = {11},
	PAGES = {1993--2030},
	ISSN = {0218-2025},
	MRCLASS = {80A22 (35K25 35K45 35K55)},
	MRNUMBER = {3691811},
	DDOI = {10.1142/S0218202517500373},
	UURL = {https://DDOI.org/10.1142/S0218202517500373},
}

@article {Zhang2020threeCHjcp,
	AUTHOR = {Zhang, Jun and Yang, Xiaofeng},
	TITLE = {Decoupled, non-iterative, and unconditionally energy stable
	large time stepping method for the three-phase
	{C}ahn-{H}illiard phase-field model},
	JOURNAL = {J. Comput. Phys.},
	FJOURNAL = {Journal of Computational Physics},
	VOLUME = {404},
	YEAR = {2020},
	PAGES = {109115},
	ISSN = {0021-9991},
	MRCLASS = {65M06},
	MRNUMBER = {4043888},
	DDOI = {10.1016/j.jcp.2019.109115},
	UURL = {https://DDOI.org/10.1016/j.jcp.2019.109115},
}

@article {Zhang2020threeACcmame,
	AUTHOR = {Zhang, Jun and Yang, Xiaofeng},
	TITLE = {Unconditionally energy stable large time stepping method for the {$L^2$}-gradient flow based ternary phase-field model with precise nonlocal volume conservation},
	JOURNAL = {Comput. Methods Appl. Mech. Engrg.},
	FJOURNAL = {Computer Methods in Applied Mechanics and Engineering},
	VOLUME = {361},
	YEAR = {2020},
	PAGES = {112743},
	ISSN = {0045-7825},
	MRCLASS = {65M06 (65Z05)},
	MRNUMBER = {4055012},
	DDOI = {10.1016/j.cma.2019.112743},
	UURL = {https://DDOI.org/10.1016/j.cma.2019.112743},
}

